
@online{YouTube,
    author = "Andrés Felipe Rendón Villada",
    title = "Andrés Rendón Villada - Informática II UDEA",
    url  = "https://www.youtube.com/watch?v=ShpV4xeyHdQ",
    addendum = "(accessed: 07.03.2021)",
    keywords = "Informática II,UDEA"
}